@article{abadi-1993,
  author       = {Martín Abadi and Luca Cardelli and Pierre-Louis Curien},
  title        = {Formal Parametric Polymorphism},
  journaltitle = {Theoretical Computer Science},
  date         = {1993},
  volume       = {121},
  number       = {1--2},
  pages        = {9--58},
}

@book{adamek-1990,
  author       = {Jiří Adámek and Horst Herrlich and George E. Strecker},
  title        = {Abstract and Concrete Categories},
  subtitle     = {The Joy of Cats},
  date         = {1990},
  publisher    = {Wiley},
}

@book{adamek-2006,
  author       = {Jiří Adámek and Horst Herrlich and George E. Strecker},
  title        = {Abstract and Concrete Categories},
  subtitle     = {The Joy of Cats},
  date         = {2006},
  series       = {Reprints in Theory and Applications of Categories},
  number       = {17},
  related      = {adamek-1990},
  relatedtype  = {reprintof},
}

@online{barile-commutative-diagram,
  author       = {Margherita Barile},
  title        = {Commutative Diagram},
  titleaddon   = {From MathWorld--A Wolfram Web Resource},
  url          = {http://mathworld.wolfram.com/CommutativeDiagram.html},
  urldate      = {2013-07-31},
}

@book{barr-1984,
  author       = {Michael Barr and Charles Wells},
  title        = {Toposes, Triples and Theories},
  date         = {1984},
  volume       = {278},
  series       = {Grundlehren der mathematischen Wissenschaften},
  publisher    = {Springer},
}

@book{barr-2005,
  author       = {Michael Barr and Charles Wells},
  title        = {Toposes, Triples and Theories},
  date         = {2005},
  series       = {Reprints in Theory and Applications of Categories},
  number       = {12},
  related      = {barr-1984},
  relatedtype  = {reprintof},
}

@book{barr-wells-2012,
  author       = {Michael Barr and Charles Wells},
  title        = {Category Theory for Computing Science},
  date         = {2012},
  series       = {Reprints in Theory and Applications of Categories},
  number       = {22},
  related      = {barr-wells-1999},
  relatedtype  = {reprintof},
}

@inbook{baudelaire-1857,
  author       = {Charles Baudelaire},
  title        = {Abel et Caïn},
  booktitle    = {Le Fleurs du mal},
  date         = {1857},
  publisher    = {Poulet-Malassis et de Broise},
  pagination   = {verse},
}

@article{cardelli-1985,
  author       = {Luca Cardelli and Peter Wegner},
  title        = {On Understanding Types, Data Abstraction, and Polymorphism},
  journaltitle = {Computing Surveys},
  date         = {1985},
  volume       = {17},
  number       = {4},
  pages        = {471--522},
}

@book{carroll-2004,
  author       = {Lewis Carroll},
  title        = {Alice's Adventures in Wonderland and Through the Look\-ing-Glass},
  date         = {2004},
  origdate     = {1865},
  series       = {Barnes \& Noble Classics},
  publisher    = {Barnes \& Noble},
}

@misc{danielsson-2013,
  author       = {Nils Anders Danielsson and others},
  title        = {The {A}gda standard library},
  version      = {0.7},
  date         = {2013-01-29},
  url          = {http://www.cse.chalmers.se/~nad/software/lib-0.7.tar.gz},
}

@article{elkins-2009,
  author       = {Derek Elkins},
  title        = {Calculating Monads with Category Theory},
  journaltitle = {The Mon\-ad\-.Read\-er},
  date         = {2009},
  number       = {13},
  pages        = {73--91},
}

@phdthesis{fokkinga-1992,
  author       = {Maarten M. Fokkinga},
  title        = {Law and Order in Algorithmics},
  institution  = {University of Twente},
  date         = {1992},
}

@book{god-1769,
  author       = {God},
  title        = {The Holy Bible},
  titleaddon   = {King James Version},
  date         = {1769},
}

@phdthesis{hagino-1987,
  author       = {Tatsuya Hagino},
  title        = {A Categorical Programming Language},
  institution  = {University of Edinburgh},
  date         = {1987},
}

@book{hammack-2009,
  author       = {Richard Hammack},
  title        = {Book of Proof},
  date         = {2009},
  edition      = {1.3},
  publisher    = {Virginia Commonwealth University},
}

@inproceedings{jeuring-2012,
  author       = {Johan Jeuring and Patrik Jansson and Cláudio Amaral},
  title        = {Testing Type Class Laws},
  booktitle    = {Proceedings of Haskell 2012},
  date         = {2012},
  eventtitle   = {ACM SIGPLAN Haskell Symposium 2012},
  publisher    = {ACM},
  month        = {sep},
  pages        = {49--60},
}

@book{hopcroft-1969,
  author       = {John E. Hopcroft and Jeffrey D. Ullman},
  title        = {Formal Languages and their Relation to Automata},
  date         = {1969},
  publisher    = {Addison-Wesley},
}

@book{hopcroft-2007,
  author       = {John E. Hopcroft and Rajeev Motwani and Jeffrey D. Ullman},
  title        = {Introduction to Automata Theory, Languages, and Computation},
  date         = {2007},
  edition      = {3},
  publisher    = {Addison-Wesley},
}

%% TODO

@inproceedings{hudak-2007,
  author       = {Paul Hudak and John Hughes and Simon Peyton Jones and Philip Wadler},
  title        = {A History of Haskell},
  subtitle     = {Being Lazy with Class},
  date         = {2007},
  booktitleaddon = {Proceedings of the third ACM SIGPLAN History of Programming Languages Conference},
  eventtitle   = {HOPL-III},
  eventdate    = {2007},
  pages        = {{12-1--12-55}},
  organization = {ACM},
  publisher    = {ACM Press},
  file         = {/home/jpvi/Dropbox/lib/haskell/history-haskell.pdf},
  status       = {todo},
}

@article{hutton-1999,
  author       = {Graham Hutton},
  title        = {A tutorial on the universality and expressiveness of fold},
  journaltitle = {Journal of Functional Programming},
  date         = {1999-07},
  volume       = {9},
  number       = {4},
  pages        = {355--372},
}

@article{kleisli-1965,
  author       = {H. Kleisli},
  title        = {Every Standard Construction is Induced by a Pair of Adjoint Functors},
  journaltitle = {Proceedings of the American Mathematical Society},
  date         = {1965},
  volume       = {16},
  number       = {3},
  pages        = {544--546},
}

@book{leibniz-1714,
  author       = {Gottfried Wilhelm Leibniz},
  title        = {Monadologie},
  date         = {1714},
  pagination   = {paragraph},
}

@book{lipovaca-2011,
  author       = {Miran Lipovača},
  title        = {Learn You a {H}askell for Great Good!},
  subtitle     = {A Beginner's Guide},
  date         = {2011},
  publisher    = {No Starch Press},
  url          = {http://learnyouahaskell.com},
}

@incollection{marquis-2013,
  author       = {Jean-Pierre Marquis},
  title        = {Category Theory},
  date         = {2013},
  booktitle    = {Stanford Encyclopedia of Philosophy},
  editor       = {Edward N. Zalta},
  edition      = {Summer 2013 Edition},
  url          = {http://plato.stanford.edu/archives/sum2013/entries/category-theory/},
  publisher    = {Metaphysics Research Lab},
}

@inproceedings{meijer-1991,
  author       = {Erik Meijer and Maarten Fokkinga and Ross Paterson},
  title        = {Functional Programming with Bananas, Lenses, Envelopes and Barbed Wire},
  date         = {1991},
  editor       = {John Hughes},
  eventtitle   = {Functional Programming Languages and Computer Architecture},
  eventdate    = {1991},
  series       = {Lecture Notes in Computer Science},
  publisher    = {Springer},
  number       = {523},
  pages        = {124--144},
}

@book{osullivan-2008,
  author       = {Bryan O'Sullivan and John Goerzen and Don Stewart},
  title        = {Real World {H}askell},
  date         = {2008},
  publisher    = {O'Reilly Media},
  url          = {http://book.realworldhaskell.org},
}

@book{peytonjones-2003,
  author       = {Simon {Peyton Jones}},
  title        = {Haskell 98 Language and Libraries},
  subtitle     = {The Revised Report},
  date         = {2003},
  publisher    = {Cambridge University Press},
}

@report{peytonjones-2010,
  author       = {Simon {Peyton Jones}},
  title        = {Haskell 2010 Language Report},
  date         = {2010-07},
}

@proceedings{pitt-1986,
  editor       = {David Pitt and Samson Abramsky and Axel Poigné and David Rydeheard},
  date         = {1986},
  eventtitle   = {Category Theory and Computer Programming},
  eventdate    = {1985},
  series       = {Lecture Notes in Computer Science},
  number       = {240},
  publisher    = {Springer},
}

@book{poe-2004,
  author       = {Edgar Allan Poe},
  title        = {The Essential Tales and Poems of Edgar Allan Poe},
  date         = {2004},
  series       = {Barnes \& Noble Classics},
  publisher    = {Barnes \& Noble},
}

@incollection{poigne-1992,
  author       = {Axel Poigné},
  title        = {Basic Category Theory},
  date         = {1992},
  booktitle    = {Handbook of Logic in Computer Science},
  editor       = {S. Abramsky and Dov M. Gabbay and T. S. E. Maibaum},
  volume       = {1 (Background: Mathematical Structures)},
  publisher    = {Clarendon Press},
  pages        = {413--640},
}

@incollection{pratt-2009,
  author       = {Vaughan Pratt},
  title        = {Algebra},
  booktitle    = {Stanford Encyclopedia of Philosophy},
  publisher    = {Metaphysics Research Lab},
  date         = {2009},
  editor       = {Edward N. Zalta},
  edition      = {Spring},
}

@inproceedings{rydeheard-1986,
  crossref     = {pitt-1986},
  author       = {Rydeheard, David E.},
  title        = {Functors and Natural Transformations},
  pages        = {43--50},
}

@book{rydeheard-1988,
  author       = {D. E. Rydeheard and R. M. Burstall},
  title        = {Computational Category Theory},
  date         = {1988},
  series       = {Prentice Hall International Series in Computer Science},
  publisher    = {Prentice Hall},
}

@book{saramago-2006,
  author       = {José Saramago},
  title        = {As Pequenas Memórias},
  date         = {2006},
  publisher    = {Caminho},
}

@book{saramago-2008,
  author       = {José Saramago},
  title        = {A Viagem do Elefante},
  date         = {2008},
  publisher    = {Caminho},
}

@article{strachey-2000,
  author       = {Christopher Strachey},
  title        = {Fundamental Concepts in Programming Languages},
  journaltitle = {Higher-Order and Symbolic Computation},
  date         = {2000},
  volume       = {13},
  number       = {1--2},
  pages        = {11--49},
}

@inproceedings{wadler-1989,
  author       = {Philip Wadler},
  date         = {1989},
  title        = {Theorems for Free!},
  eventtitle   = {Functional Programming Languages and Computer Architecture},
  eventdate    = {1989},
  publisher    = {ACM Press},
  pages        = {347--359},
}

@online{weisstein-cartesian,
  author       = {Eric W. Weisstein},
  title        = {Cartesian Product},
  titleaddon   = {From MathWorld--A Wolfram Web Resource},
  url          = {http://mathworld.wolfram.com/CartesianProduct.html},
  urldate      = {2013-04-15},
}

@online{mathworld-disjoint-union,
  author       = {Eric W. Weisstein},
  title        = {Disjoint Union},
  titleaddon   = {From MathWorld--A Wolfram Web Resource},
  url          = {http://mathworld.wolfram.com/DisjointUnion.html},
  urldate      = {2013-09-19},
}

@book{wells-2009,
  author       = {Charles Wells},
  title        = {A Handbook of Mathematical Discourse},
  date         = {2009},
  publisher    = {Infinity Publishing},
}

@article{yorgey-2009,
  author       = {Brent Yorgey},
  title        = {The Typeclassopedia},
  journaltitle = {The Monad.Reader},
  date         = {2009-03-12},
  number       = {13},
  pages        = {17--68},
}

@online{yorgey-2011,
  author       = {Brent Yorgey},
  title        = {Typeclassopedia},
  date         = {2011-10},
  url          = {http://www.haskell.org/haskellwiki/Typeclassopedia},
  related      = {yorgey-2009},
  relatedtype  = {origpubin},
}